@Online{securingkubernetes,
  OPTkey = 	 {},
  author = 	 {Puja Abbassi},
  title = 	 {Why Is Securing Kubernetes so Difficult?},
  URL   =        {https://blog.giantswarm.io/why-is-securing-kubernetes-so-difficult/},
  urldate =      {2019-04-24},
  month = 	 oct,
  year = 	 2018,
}

@Online{securingkubernetesConfK8SClusterComponents,
  OPTkey =   {},
  author =   {Puja Abbassi},
  title =    {Securing the Configuration of Kubernetes Cluster Components},
  URL   =        {https://itnext.io/securing-the-configuration-of-kubernetes-cluster-components-c9004a1a32b3},
  urldate =      {2019-04-24},
  month =    dec,
  year =   2018,
}

@misc{k8sdocsNamespaces,
    title = {{Kubernetes Documentation}},
    howpublished = "\url{https://kubernetes.io/docs/}",
    year = {2019}, 
    urldate =      {2019-04-25},
    key = "k8sdocsNamespaces",
}

@misc{k8sdocsApi,
    title = {{Kubernetes API Documentation}},
    howpublished = "\url{https://kubernetes.io/docs/concepts/overview/kubernetes-api/}",
    year = {2019}, 
    urldate =      {2019-04-25},
    key = "k8sdocsApi",
}

@book{kubernetessecurity,
  author       = {Liz Rice and Michael Hausenblas},
  title        = {Kubernetes Security},
  publisher    = {Oâ€™Reilly Media, Inc.},
  edition      = {First Edition},
  year         = 2018,
  isbn         = {978-1-492-04600-4},
}

@book{kuar,
  title={Kubernetes: Up and Running: Dive Into the Future of Infrastructure},
  author={Hightower, Kelsey and Burns, Brendan and Beda, Joe},
  year={2017},
  publisher={" O'Reilly Media, Inc."}
}

@techreport{RFC7617,
  author = {J. Reschke},
  title = {The 'Basic' HTTP Authentication Scheme},
  howpublished = {Internet Requests for Comments},
  type = {RFC},
  number = {7617},
  year = {2015},
  month = {September},
  issn = {2070-1721},
  publisher = {RFC Editor},
  institution = {RFC Editor},
}

